<?xml version="1.0" encoding="UTF-8"?><collection xmlns="http://www.loc.gov/MARC21/slim"><record><leader>00472nam--2200145-i-4500</leader><controlfield tag="001">000011184</controlfield><controlfield tag="002">20161230</controlfield><controlfield tag="005">20161230201029</controlfield><controlfield tag="008">060222s1000------------r-----000-0-eng-d</controlfield><datafield ind1=" " ind2=" " tag="080"><subfield code="a">621.039.73:66.0</subfield></datafield><datafield ind1=" " ind2=" " tag="245"><subfield code="a">Chemical engineering applications in solid was te treatment</subfield></datafield><datafield ind1=" " ind2=" " tag="260"><subfield code="a">New York, American Institute Of Chemical Engin Eers,1972.220p</subfield></datafield><datafield ind1=" " ind2=" " tag="490"><subfield code="a">American Institute Of Chemical Engineers.Sympo Sium Series,Nr.122</subfield></datafield><datafield ind1=" " ind2=" " tag="700"><subfield code="a">Guy E.Weismantel</subfield></datafield><datafield ind1=" " ind2=" " tag="852"><subfield code="a">10950</subfield></datafield></record></collection>